@book{lazinica,
author    = "A. Lazinica",
    title     = "Mobile Robots",
    year      = "2006",
    publisher = "Advanced Robotic Systems International",
    pages   = "V"
    }
@misc{	stites,
	author = "D. Stites",
	title = "Demand for math{,} science jobs only expected to grow" ,
	year = "2013",
	month = "Ago",
	howpublished =  "[En línea] Disponible en \url{http://www.lansingstatejournal.com/article/20130826/BUSINESS/308260003/Demand-math-science-jobs-only-expected-grow?nclick_check=1}",
	   note = "Revisado 12 de Septiembre de 2013"
}

@misc{ vegso,
   author = "J. Vegso",
   title = "Interest in CS as a Major Drops Among Incoming Freshmen",
   series = "Computing Research News",
   volume = "17",
   year = "2005",
   month = "May",
   number = "3",
   note = " Computing Research News, Número 3, volumen 17"
  
 }
@misc{	davidson,
	author = " K. Davidson",
	title = "Fewer US students training for science careers" ,
	year = "2004",
	month = "May",
	howpublished =  " {,} SFGate{,} [En línea] Disponible en  \url{http://www.sfgate.com/science/article/Fewer-U-S-students-training-for-science-careers-2760252.php}",
	   note = "Revisado 12 de septiembre de 2013"

}
@misc{	salamon,
	author = "A. Salamon and S. Kupersmith and D. Housten",
	title = "Inspiring Future Young Engineers Through Robotics Outreach" ,
	year = "",
	month = "",
	howpublished =  "[En línea] Disponible en  \url{http://www.atl.external.lmco.com/papers/1559.pdf}",
	   note = " Revisado 2 de Septiembre de 2013"

}

@misc{	challinger,
	author = "J. Challinger",
	title = "Efficient Use of Robots in the Undergraduate Curriculum" ,
	year = "2005",
	month = "",
	howpublished =  "[En línea] Disponible en  \url{http://citeseerx.ist.psu.edu/viewdoc/download;jsessionid=5D968BDFF4FE0A87D3D68B1B69B4FFEF?doi=10.1.1.110.4757&rep=rep1&type=pdf}",
	   note = " Revisado 12 de septiembre de 2013"

}
@misc{	goldweber,
	author = "M. Goldweber and C. Congdon and B. Fagin and D. Hwang and F. Klassner",
	title = "The Use of Robots in the Undergraduate Curriculum: Experience Reports" ,
	year = "",
	month = "",
	howpublished =  "[En línea] Disponible en  \url{http://citeseerx.ist.psu.edu/viewdoc/download?doi=10.1.1.23.651&rep=rep1&type=pdf}",
	   note = " Revisado 2 de Septiembre de 2013"

}
@misc{	irobot,
	author = "iRobot Corporation",
	title = "i{R}obot's online store Create product page" ,
	year = "2013",
	month = "",
	howpublished =  "[En línea] Disponible en  \url{http://store.irobot.com/family/index.jsp?categoryId=2591511&s=A-ProductAge}",
	   note = " Revisado 13 de Septiembre de 2013"
}
@misc{	irobotp,
	author = "i{R}obot Corporation",
	title = "Create product page details" ,
	year = "2013",
	month = "",
	howpublished =  "[En línea] Disponible en  \url{http://www.irobot.com/en/us/learn/Educators/Create/Details.aspx}",
	   note = " Revisado 13 de Septiembre de 2013"

}
@misc{	lee,
	author = "J. C. Lee",
	title = "Low-Cost Video Chat Robot" ,
	year = "2011",
	month = "Feb",
	howpublished =  "[En línea] Disponible en  \url{http://procrastineering.blogspot.mx/2011/02/low-cost-video-chat-robot.html}",
	   note = " Revisado 17 Septiembre de 2013"
}
@misc{	web,
	author = "",
	title = "" ,
	year = "",
	month = "",
	howpublished =  "[En línea] Disponible en  \url{}",
	   note = " Revisado FECHA de 2013"

}
@misc{	ellaithy,
	author = "R. El-laithy and J. Huang and M. Yeh",
	title = "Study on the use of Microsoft Kinect for robotics applications" ,
	year = "2012",
	month = "April",
	howpublished =  "[En línea] Disponible en  \url{http://ieeexplore.ieee.org/xpls/abs_all.jsp?arnumber=6236985&tag=1}",
	   note = " Revisado 17 de Septiembre de 2013"

}

@misc{	saenz,
	author = "A. Saenz",
	title = "Hacked iRobot uses Xbox Kinect to see the world, obey commands" ,
	year = "2010",
	month = "November",
	howpublished =  "[En línea] Disponible en  \url{http://singularityhub.com/2010/11/17/hacked-irobot-uses-xbox-kinect-to-see-the-world-obey-your-commands-video/}",
	   note = " Revisado 17 de Septiembre de 2013"

}
@misc{	housten,
	author = "D. Housten and W. C. Regli",
	title = "Low-Cost Localization for Educational Robotic Platforms via an External Fixed-Position Camera" ,
	year = "2008",
	month = "",
	howpublished =  "[En línea] Disponible en  \url{http://aaaipress.org/Papers/Workshops/2008/WS-08-02/WS08-02-008.pdf}",
	   note = " Revisado 17 de Septiembre de 2013"

}
@misc{	kuipers,
	author = "M. Kuipers",
	title = "Localization with the iRobot Create" ,
	year = "2008",
	month = "",
	howpublished =  "[En línea] Disponible en  \url{http://www.cse.sc.edu/files/reu/2008papers/KuipersPaper.pdf}",
	   note = " Revisado 17 de Septiembre de 2013"

}

@misc{	pharos,
	author = "{Pharos{\ } Testbed{\ } Wiki{\ } Community}",
	title = "How to use Player to Control the iRobot Create" ,
	year = "2010",
	month = "December",
	howpublished =  "[En línea] Disponible en  \url{http://pharos.ece.utexas.edu/wiki/index.php/How_to_use_Player_to_Control_the_iRobot_Create}",
	   note = " Revisado 18 de septiembre de 2013"

}
@misc{	urbiforge,
	author = "UrbiForge",
	title = "I Robot" ,
	year = "2010",
	month = "May",
	howpublished =  "[En línea] Disponible en  \url{http://www.urbiforge.org/index.php/Robots/IRobot}",
	   note = " Revisado 18 de Septiembre de 2013"

}
@misc{	microsoft,
	author = "{Microsoft{\ } Corporation{\ }}",
	title = "iRobot Create and Roomba" ,
	year = "2012",
	month = "",
	howpublished =  "[En línea] Disponible en  \url{http://msdn.microsoft.com/en-us/library/bb483025.aspx}",
	   note = " Revisado 18 de septiembre de 2013"

}
@misc{	karagouz,
	author = "H. Karaoguz",
	title = "Webots Guide" ,
	year = "",
	month = "",
	howpublished =  "[En línea] Disponible en  \url{http://www.isl.ee.boun.edu.tr/courses/ee451/projects/webotsdoc.pdf}",
	   note = " Revisado 18 de Septiembre de 2013"

}
@misc{	rosorg,
	author = "ROS.org",
	title = "irobot\_create\_2\_1" ,
	year = "2007",
	month = "Feb",
	howpublished =  "[En línea] Disponible en  \url{http://wiki.ros.org/irobot_create_2_1}",
	   note = " Revisado 18 de Septiembre de 2013"

}
@misc{	willow,
	author = "{Willow{\ } Garage{\ }}",
	title = "TurtleBot" ,
	year = "2011",
	month = "",
	howpublished =  "[En línea] Disponible en  \url{http://www.willowgarage.com/turtlebot}",
	   note = " Revisado 18 de Septiembre de 2013"

}
@misc{	huq,
	author = "R. Huq and H. Lacheray and C. Fulford and D. Wight and J. Apkarian",
	title = "QBOT: An educational mobile robot controlled in MATLAB Simulink environment" ,
	year = "2009",
	month = "May",
	howpublished =  "[En línea] Disponible en  \url{http://ieeexplore.ieee.org/xpl/articleDetails.jsp?tp=&arnumber=5090152&tag=1&url=http%3A%2F%2Fieeexplore.ieee.org%2Fstamp%2Fstamp.jsp%3Ftp%3D%26arnumber%3D5090152%26tag%3D1}",
	   note = " Revisado 19 de Septiembre de 2013"

}
@misc{sjostedt,
	author = "C.-J. Sjöstedt",
	title = "Modelling of displacement compressors using Matlab/Simulink software" ,
	year = "2004",
	month = "August",
	howpublished =  "[En línea] Disponible en  \url{http://citeseerx.ist.psu.edu/viewdoc/download?doi=10.1.1.149.8012&rep=rep1&type=pdf}",
	   note = " Revisado 13 de Septiembre de 2013"

}
@misc{	henriksson,
	author = "D. Henriksson and A. Cervin and K.-E. Årzén",
	title = "TRUETIME: Real-time Control System Simulation with MATLAB/Simulink" ,
	year = "2003",
	month = "",
	howpublished =  "[En línea] Disponible en  \url{http://lup.lub.lu.se/luur/download?func=downloadFile&recordOId=536781&fileOId=625643}",
	   note = " Revisado 13 de Septiembre de 2013"

}
@book{nilsson,
author    = " J. Nilsson",
    title     = " Real-Time Control Systems with Delays",
    year      = "1998",
    publisher = " Lund: Department of Automatic Control Lund Institute of Technology",
    pages   = "8"
    edition = "1"
    }
    
    @misc{	smith,
    	author = "M. Smith",
    	title = "ARM vs x86 Processors: What's the Difference?" ,
    	year = "2011",
    	month = "May",
    	howpublished =  "[En línea] Disponible en  \url{http://www.brighthub.com/computing/hardware/articles/107133.aspx}",
    	   note = " Revisado 19 de Septiembre de 2013"
    
    }
@misc{	nugteren,
	author = " C. Nugteren and G.-J. v. d. Braak and H. Corporaal",
	title = "Future of GPGPU Micro-Architectural Parameters" ,
	year = "2013",
	month = "",
	howpublished =  "[En línea] Disponible en  \url{http://parse.ele.tue.nl/system/attachments/39/original/DATE_Future_of_GPGPU_Micro-Architectural_Parameters.pdf}",
	   note = " Revisado 20 de Septiembre de 2013"

}

  @misc{	omega,
  	author = "{Omega{\ } Corporation{\ }}",
  	title = "The RS-232 Standard" ,
  	year = "2013",
  	month = "",
  	howpublished =  "[En línea] Disponible en  \url{http://www.omega.com/techref/pdf/RS-232.pdf}",
  	   note = " Revisado 20 de septiembre de 2013"
  
  }
  @misc{	irobotopen,
  	author = "i{R}obot {C}orporation",
  	title = "i{R}obot Create Open Interface" ,
  	year = "2006",
  	month = "",
  	howpublished =  "[En línea] Disponible en  \url{http://www.irobot.com/filelibrary/pdfs/hrd/create/Create%20Open%20Interface_v2.pdf}",
  	   note = " Revisado 25 de Septiembre de 2013"
  
  }
  
  @misc{	intel,
  	author = "{Intel{\ } Corporation{\ }}",
  	title = "Intel Architecture Software Developer\'s Manual Volume 2: Instruction Set Reference" ,
  	year = "1999",
  	month = "",
  	howpublished =  "[En línea] Disponible en  \url{http://download.intel.com/design/intarch/manuals/24319101.pdf}",
  	   note = " Revisado 25 de Septiembre de 2013"
  
  }
  @misc{	andrews,
  	author = " T. Andrews",
  	title = "Computation Time Comparison Between Matlab and C++ Using Launch Windows" ,
  	year = "2012",
  	month = "",
  	howpublished =  "[En línea] Disponible en  \url{http://digitalcommons.calpoly.edu/cgi/viewcontent.cgi?article=1080&context=aerosp}",
  	   note = " Revisado 14 de Octubre de 2013"
  
  }

@misc{	irobotm,
	author = "i{R}obot Corporation",
	title = "iRobot Create Owner's Guide" ,
	year = "2006",
	month = "",
	howpublished =  "[En línea] Disponible en  \url{http://www.irobot.com/filelibrary/create/Create%20Manual_Final.pdf}",
	   note = " Revisado 15 de enero 2014"
	   }
@misc{	usbspec,
	author = "{Compaq{\ } Computer{\ } Corporation{\ },
				Hewlett-Packard{\ } Company,
				 Intel{\ } Corporation{\ },
				 Lucent{\ } Technologies{\ } Inc{\ },
				 Microsoft{\ } Corporation{\ },
				 NEC{\ } Corporation{\ } and
				  Koninklijke{\ } Philips{\ } Electronics{\ } N.V. }",
	title = "Universal Serial Bus Specification" ,
	year = "2000",
	month = "Abr",
	howpublished =  "[En línea] Disponible en  \url{http://www.usb.org/developers/docs/usb20_docs/usb_20_070113.zip}",
	   note = " Revisado 20 de enero de 2014"

}

@misc{	hidspec,
	author = "{USB{\ } Implementers{\ } Forum{\ }}",
	title = "Device Class Definition for Human Interface Devices (HID)" ,
	year = "2001",
	month = "Jun",
	howpublished =  "[En línea] Disponible en  \url{http://www.usb.org/developers/devclass_docs/HID1_11.pdf}",
	   note = " Revisado 22 de Enero de 2014"

}

@misc{	pic18datasheet,
	author = "{Microchip {\ } Technology{\ } Inc.}",
	title = "PIC18F2550/2550/4455/4550 Data Sheet" ,
	year = "2009",
	month = "",
	howpublished =  "[En línea] Disponible en  \url{http://ww1.microchip.com/downloads/en/DeviceDoc/39632e.pdf}",
	   note = " Revisado 26 de Enero 2014"

}


@misc{	web,
	author = "",
	title = "" ,
	year = "",
	month = "",
	howpublished =  "[En línea] Disponible en  \url{}",
	   note = " Revisado FECHA de 2013"

}


@misc{ wiki:xxx,
   author = "Wikipedia",
   title = "LaTeX --- Wikipedia{,} The Free Encyclopedia",
   year = "2014",
   howpublished =  "Disponible en \url{http://en.wikipedia.org/w/index.php?title=LaTeX&oldid=413720397}",
   note = "[Online; accessed 9-January-2014]"
 }
 
 @misc{ mazorca2,
    author = "Sancho Mazorca",
    title = "El libro de las mazorcas",
    year = "2014",
    howpublished =  "Disponible en \url{http://en.wikipedia.org/w/index.php?title=LaTeX&oldid=413720397}",
    note = "[Online; accessed 9-January-2014]"
  }